% Encoding: UTF-8

@inproceedings{geng2016juggler,
  title={Juggler: a practical reordering resilient network stack for datacenters},
  author={Geng, Yilong and Jeyakumar, Vimalkumar and Kabbani, Abdul and Alizadeh, Mohammad},
  booktitle={Proceedings of the Eleventh European Conference on Computer Systems},
  pages={20},
  year={2016},
  organization={ACM}
}

@article{he2008toward,
  title={Toward internet-wide multipath routing},
  author={He, Jiayue and Rexford, Jennifer},
  journal={IEEE network},
  volume={22},
  number={2},
  year={2008},
  publisher={IEEE}
}

@article{barroso2013datacenter,
  title={The datacenter as a computer: An introduction to the design of warehouse-scale machines},
  author={Barroso, Luiz Andr{\'e} and Clidaras, Jimmy and H{\"o}lzle, Urs},
  journal={Synthesis lectures on computer architecture},
  volume={8},
  number={3},
  pages={1--154},
  year={2013},
  publisher={Morgan \& Claypool Publishers}
}

@inproceedings{wilson2011better,
  title={Better never than late: Meeting deadlines in datacenter networks},
  author={Wilson, Christo and Ballani, Hitesh and Karagiannis, Thomas and Rowtron, Ant},
  booktitle={ACM SIGCOMM Computer Communication Review},
  volume={41},
  number={4},
  pages={50--61},
  year={2011},
  organization={ACM}
}

@article{decandia2007dynamo,
  title={Dynamo: amazon's highly available key-value store},
  author={DeCandia, Giuseppe and Hastorun, Deniz and Jampani, Madan and Kakulapati, Gunavardhan and Lakshman, Avinash and Pilchin, Alex and Sivasubramanian, Swaminathan and Vosshall, Peter and Vogels, Werner},
  journal={ACM SIGOPS operating systems review},
  volume={41},
  number={6},
  pages={205--220},
  year={2007},
  publisher={ACM}
}

@inproceedings{alizadeh2010data,
  title={Data center tcp (dctcp)},
  author={Alizadeh, Mohammad and Greenberg, Albert and Maltz, David A and Padhye, Jitendra and Patel, Parveen and Prabhakar, Balaji and Sengupta, Sudipta and Sridharan, Murari},
  booktitle={ACM SIGCOMM computer communication review},
  volume={40},
  number={4},
  pages={63--74},
  year={2010},
  organization={ACM}
}

@article{greenberg2008cost,
  title={The cost of a cloud: research problems in data center networks},
  author={Greenberg, Albert and Hamilton, James and Maltz, David A and Patel, Parveen},
  journal={ACM SIGCOMM computer communication review},
  volume={39},
  number={1},
  pages={68--73},
  year={2008},
  publisher={ACM}
}

@inproceedings{benson2010network,
  title={Network traffic characteristics of data centers in the wild},
  author={Benson, Theophilus and Akella, Aditya and Maltz, David A},
  booktitle={Proceedings of the 10th ACM SIGCOMM conference on Internet measurement},
  pages={267--280},
  year={2010},
  organization={ACM}
}

@inproceedings{al2010hedera,
  title={Hedera: Dynamic Flow Scheduling for Data Center Networks.},
  author={Al-Fares, Mohammad and Radhakrishnan, Sivasankar and Raghavan, Barath and Huang, Nelson and Vahdat, Amin},
  booktitle={NSDI},
  volume={10},
  pages={19--19},
  year={2010}
}

@inproceedings{al2008scalable,
  title={A scalable, commodity data center network architecture},
  author={Al-Fares, Mohammad and Loukissas, Alexander and Vahdat, Amin},
  booktitle={ACM SIGCOMM Computer Communication Review},
  volume={38},
  number={4},
  pages={63--74},
  year={2008},
  organization={ACM}
}

@inproceedings{niranjan2009portland,
  title={Portland: a scalable fault-tolerant layer 2 data center network fabric},
  author={Niranjan Mysore, Radhika and Pamboris, Andreas and Farrington, Nathan and Huang, Nelson and Miri, Pardis and Radhakrishnan, Sivasankar and Subramanya, Vikram and Vahdat, Amin},
  booktitle={ACM SIGCOMM Computer Communication Review},
  volume={39},
  number={4},
  pages={39--50},
  year={2009},
  organization={ACM}
}

@article{leiserson1985fat,
  title={Fat-trees: universal networks for hardware-efficient supercomputing},
  author={Leiserson, Charles E},
  journal={IEEE transactions on Computers},
  volume={100},
  number={10},
  pages={892--901},
  year={1985},
  publisher={IEEE}
}

@article{lebiednik2016survey,
  title={A Survey and Evaluation of Data Center Network Topologies},
  author={Lebiednik, Brian and Mangal, Aman and Tiwari, Niharika},
  journal={arXiv preprint arXiv:1605.01701},
  year={2016}
}

@inproceedings{guo2008dcell,
  title={Dcell: a scalable and fault-tolerant network structure for data centers},
  author={Guo, Chuanxiong and Wu, Haitao and Tan, Kun and Shi, Lei and Zhang, Yongguang and Lu, Songwu},
  booktitle={ACM SIGCOMM Computer Communication Review},
  volume={38},
  number={4},
  pages={75--86},
  year={2008},
  organization={ACM}
}

@article{guo2009bcube,
  title={BCube: a high performance, server-centric network architecture for modular data centers},
  author={Guo, Chuanxiong and Lu, Guohan and Li, Dan and Wu, Haitao and Zhang, Xuan and Shi, Yunfeng and Tian, Chen and Zhang, Yongguang and Lu, Songwu},
  journal={ACM SIGCOMM Computer Communication Review},
  volume={39},
  number={4},
  pages={63--74},
  year={2009},
  publisher={ACM}
}

@techreport{rost2003rate,
  title={Rate-aware splitting of aggregate traffic},
  author={Rost, Stanislav and Balakrishnan, Hari},
  year={2003},
  institution={Technical report, MIT}
}

@inproceedings{raiciu2011improving,
  title={Improving datacenter performance and robustness with multipath TCP},
  author={Raiciu, Costin and Barre, Sebastien and Pluntke, Christopher and Greenhalgh, Adam and Wischik, Damon and Handley, Mark},
  booktitle={ACM SIGCOMM Computer Communication Review},
  volume={41},
  number={4},
  pages={266--277},
  year={2011},
  organization={ACM}
}

@misc{postel1981transmission,
  title={Transmission control protocol RFC 793},
  author={Postel, Jon and others},
  year={1981},
  publisher={September}
}

@book{kurose2005computer,
  title={Computer networking: A top-down approach featuring the internet, 3/E},
  author={Kurose, James F},
  year={2005},
  publisher={Pearson Education India}
}

@techreport{ford2011architectural,
  title={Architectural guidelines for multipath TCP development},
  author={Ford, Alan and Raiciu, Costin and Handley, Mark and Barre, Sebastien and Iyengar, Janardhan},
  year={2011}
}

@techreport{ford2013tcp,
  title={TCP extensions for multipath operation with multiple addresses},
  author={Ford, Alan and Raiciu, Costin and Handley, Mark and Bonaventure, Olivier},
  year={2013}
}

@misc{fordmptcpslides,
  title={Multipath TCP Architecture: Towards Consensus},
  url={https://www.ietf.org/proceedings/77/slides/imptcp-2.pdf},
  journal={IETF Proceedings Slides},
  author={Ford, Alan}
} 

@article{hopps2000multipath,
  title={Multipath issues in unicast and multicast next-hop selection},
  author={Hopps, Christian E and Thaler, Dave},
  year={2000}
}

@inproceedings{zhang2003rr,
  title={RR-TCP: a reordering-robust TCP with DSACK},
  author={Zhang, Ming and Karp, Brad and Floyd, Sally and Peterson, Larry},
  booktitle={Network Protocols, 2003. Proceedings. 11th IEEE International Conference on},
  pages={95--106},
  year={2003},
  organization={IEEE}
}

@inproceedings{dixit2013impact,
  title={On the impact of packet spraying in data center networks},
  author={Dixit, Advait and Prakash, Pawan and Hu, Y Charlie and Kompella, Ramana Rao},
  booktitle={INFOCOM, 2013 Proceedings IEEE},
  pages={2130--2138},
  year={2013},
  organization={IEEE}
}

@article{stevens1997tcp,
  title={TCP slow start, congestion avoidance, fast retransmit, and fast recovery algorithms},
  author={Stevens, W Richard},
  year={1997}
}

@inproceedings{greenberg2009vl2,
  title={VL2: a scalable and flexible data center network},
  author={Greenberg, Albert and Hamilton, James R and Jain, Navendu and Kandula, Srikanth and Kim, Changhoon and Lahiri, Parantap and Maltz, David A and Patel, Parveen and Sengupta, Sudipta},
  booktitle={ACM SIGCOMM computer communication review},
  volume={39},
  number={4},
  pages={51--62},
  year={2009},
  organization={ACM}
}

@inproceedings{barik2016lisa,
  title={LISA: A linked slow-start algorithm for MPTCP},
  author={Barik, Runa and Welzl, Michael and Ferlin, Simone and Alay, Ozgu},
  booktitle={Communications (ICC), 2016 IEEE International Conference on},
  pages={1--7},
  year={2016},
  organization={IEEE}
}

@inproceedings{kheirkhah2016mmptcp,
  title={MMPTCP: A multipath transport protocol for data centers},
  author={Kheirkhah, Morteza and Wakeman, Ian and Parisis, George},
  booktitle={Computer Communications, IEEE INFOCOM 2016-The 35th Annual IEEE International Conference on},
  pages={1--9},
  year={2016},
  organization={IEEE}
}

@inproceedings{fukuyama2016throughput,
  title={Throughput improvement of MPTCP communication by bicasting on multihomed network},
  author={Fukuyama, Masami and Yamai, Nariyoshi and Kitagawa, Naoya},
  booktitle={Student Project Conference (ICT-ISPC), 2016 Fifth ICT International},
  pages={9--12},
  year={2016},
  organization={IEEE}
}

@inproceedings{zhang2017resilient,
  title={Resilient Datacenter Load Balancing in the Wild},
  author={Zhang, Hong and Zhang, Junxue and Bai, Wei and Chen, Kai and Chowdhury, Mosharaf},
  booktitle={Proceedings of the Conference of the ACM Special Interest Group on Data Communication},
  pages={253--266},
  year={2017},
  organization={ACM}
}

@article{nunes2014survey,
  title={A survey of software-defined networking: Past, present, and future of programmable networks},
  author={Nunes, Bruno Astuto A and Mendonca, Marc and Nguyen, Xuan-Nam and Obraczka, Katia and Turletti, Thierry},
  journal={IEEE Communications Surveys \& Tutorials},
  volume={16},
  number={3},
  pages={1617--1634},
  year={2014},
  publisher={IEEE}
}

@article{kim2013improving,
  title={Improving network management with software defined networking},
  author={Kim, Hyojoon and Feamster, Nick},
  journal={IEEE Communications Magazine},
  volume={51},
  number={2},
  pages={114--119},
  year={2013},
  publisher={IEEE}
}

@article{yeganeh2013scalability,
  title={On scalability of software-defined networking},
  author={Yeganeh, Soheil Hassas and Tootoonchian, Amin and Ganjali, Yashar},
  journal={IEEE Communications Magazine},
  volume={51},
  number={2},
  pages={136--141},
  year={2013},
  publisher={Ieee}
}

@inproceedings{hussein2017sdn,
  title={SDN for MPTCP: An enhanced architecture for large data transfers in datacenters},
  author={Hussein, Ali and Elhajj, Imad H and Chehab, Ali and Kayssi, Ayman},
  booktitle={Communications (ICC), 2017 IEEE International Conference on},
  pages={1--7},
  year={2017},
  organization={IEEE}
}

@inproceedings{zannettou2016exploiting,
  title={Exploiting path diversity in datacenters using MPTCP-aware SDN},
  author={Zannettou, Savvas and Sirivianos, Michael and Papadopoulos, Fragkiskos},
  booktitle={Computers and Communication (ISCC), 2016 IEEE Symposium on},
  pages={539--546},
  year={2016},
  organization={IEEE}
}

@inproceedings{ghorbani2017drill,
  title={DRILL: Micro Load Balancing for Low-latency Data Center Networks},
  author={Ghorbani, Soudeh and Yang, Zibin and Godfrey, P and Ganjali, Yashar and Firoozshahian, Amin},
  booktitle={Proceedings of the Conference of the ACM Special Interest Group on Data Communication},
  pages={225--238},
  year={2017},
  organization={ACM}
}

@Misc{kheirkhah2014ns3,
  author       = {Morteza Kheirkhah},
  title        = {MultiPath TCP (MPTCP) Implementation in ns-3},
  howpublished = {Github},
  month        = may,
  year         = {2014},
  url          = {https://github.com/mkheirkhah/mptcp},
}

@Misc{uclouvain2017mptcp,
  author       = {Université catholique de Louvain},
  title        = {Linux Kernel implementation of MultiPath (MPTCP)},
  howpublished = {Github},
  month        = nov,
  year         = {2017},
  url          = {https://github.com/multipath-tcp/mptcp},
}

@Misc{ke2016mptcplab,
  author       = {Chih-Heng Ke},
  title        = {Multipath TCP Test},
  howpublished = {Website},
  month        = dec,
  year         = {2017},
  url          = {http://csie.nqu.edu.tw/smallko/sdn/mptcp-test.htm},
}

@Article{coltun2008rfc,
  author  = {Coltun, R and Ferguson, D and Moy, J and Lindem, A},
  title   = {RFC 5340, OSPF for IPv6},
  journal = {IETF. July},
  year    = {2008},
  volume  = {24},
}

@Misc{uclouvain2017configure,
  author       = {Université catholique de Louvain},
  title        = {MultiPath TCP - Linux Kernel implementation : Users - Configure MPTCP browse},
  howpublished = {Website},
  month        = aug,
  year         = {2017},
  url          = {https://multipath-tcp.org/pmwiki.php/Users/ConfigureMPTCP},
}

@Misc{uclouvain2017multipath,
  author  = {Université catholique de Louvain},
  title   = {{MultiPath} {TCP} - {Linux} {Kernel} implementation : {Users} - {How} {To} {Install} {MPTCP} browse},
  file    = {MultiPath TCP - Linux Kernel implementation \: Users - How To Install MPTCP browse:C\:\\Users\\Charles Josh\\Zotero\\storage\\QJQQADV7\\HowToInstallMPTCP.html:text/html},
  url     = {https://multipath-tcp.org/pmwiki.php/Users/HowToInstallMPTCP?},
  urldate = {2018-03-11},
}

@Article{bosshart2014p4,
  author    = {Bosshart, Pat and Daly, Dan and Gibb, Glen and Izzard, Martin and McKeown, Nick and Rexford, Jennifer and Schlesinger, Cole and Talayco, Dan and Vahdat, Amin and Varghese, George and others},
  title     = {P4: Programming protocol-independent packet processors},
  journal   = {ACM SIGCOMM Computer Communication Review},
  year      = {2014},
  volume    = {44},
  number    = {3},
  pages     = {87--95},
  publisher = {ACM},
}

@Misc{p4lang2018behavioral-model,
  author     = {p4lang},
  title      = {behavioral-model: {Rewrite} of the behavioral model as a {C}++ project without auto-generated code (except for the {PD} interface)},
  month      = mar,
  year       = {2018},
  note       = {original-date: 2015-01-26T21:43:23Z},
  copyright  = {Apache-2.0},
  file       = {Snapshot:C\:\\Users\\Charles Josh\\Zotero\\storage\\6XWPEGAM\\behavioral-model.html:text/html},
  publisher  = {p4language},
  shorttitle = {behavioral-model},
  url        = {https://github.com/p4lang/behavioral-model},
  urldate    = {2018-03-11},
}

@Misc{p4lang2018p4-spec,
  author    = {p4lang},
  title     = {p4lang/p4-spec},
  month     = feb,
  year      = {2018},
  note      = {original-date: 2015-08-14T08:45:53Z},
  file      = {Snapshot:C\:\\Users\\Charles Josh\\Zotero\\storage\\LM6HS9ZZ\\p4-spec.html:text/html},
  publisher = {p4language},
  url       = {https://github.com/p4lang/p4-spec},
  urldate   = {2018-03-11},
}

@Misc{p4lang2018p4c-bm,
  author     = {p4lang},
  title      = {p4c-bm: {Generates} the {JSON} configuration for the behavioral-model (bmv2), as well as the {C}/{C}++ {PD} code},
  month      = mar,
  year       = {2018},
  note       = {original-date: 2015-08-07T15:48:22Z},
  copyright  = {Apache-2.0},
  file       = {Snapshot:C\:\\Users\\Charles Josh\\Zotero\\storage\\9SMJ49I2\\p4c-bm.html:text/html},
  publisher  = {p4language},
  shorttitle = {p4c-bm},
  url        = {https://github.com/p4lang/p4c-bm},
  urldate    = {2018-03-11},
}

@Comment{jabref-meta: databaseType:bibtex;}
